<record><leader>00000cas a22000007a 4500</leader><controlfield tag="001">28730850</controlfield><controlfield tag="008">930831c19739999mauwr ne      0   a0eng c</controlfield><datafield ind1=" " ind2=" " tag="010"><subfield code="a">sn 94002671 </subfield></datafield><datafield ind1=" " ind2=" " tag="040"><subfield code="a">EM#</subfield><subfield code="b">eng</subfield><subfield code="c">EM#</subfield><subfield code="d">NSD</subfield><subfield code="d">OCLCQ</subfield></datafield><datafield ind1=" " ind2=" " tag="012"><subfield code="l">1</subfield></datafield><datafield ind1="0" ind2=" " tag="022"><subfield code="a">1077-2308</subfield><subfield code="l">1077-2308</subfield><subfield code="2">1</subfield></datafield><datafield ind1=" " ind2=" " tag="037"><subfield code="b">Lynnfield Villager, 55 Salem St., P.O. Box 186, Lynnfield, MA 01940</subfield></datafield><datafield ind1=" " ind2=" " tag="042"><subfield code="a">nsdp</subfield><subfield code="a">pcc</subfield></datafield><datafield ind1="1" ind2="0" tag="082"><subfield code="a">070</subfield><subfield code="2">12</subfield></datafield><datafield ind1="0" ind2=" " tag="210"><subfield code="a">Lynnfield villager</subfield></datafield><datafield ind1=" " ind2="4" tag="222"><subfield code="a">The Lynnfield villager</subfield></datafield><datafield ind1="0" ind2="4" tag="245"><subfield code="a">The Lynnfield villager.</subfield></datafield><datafield ind1=" " ind2=" " tag="260"><subfield code="a">Lynnfield, Mass. :</subfield><subfield code="b">Great Oaks Publications</subfield></datafield><datafield ind1=" " ind2=" " tag="300"><subfield code="a">v.</subfield></datafield><datafield ind1=" " ind2=" " tag="310"><subfield code="a">Weekly</subfield></datafield><datafield ind1="1" ind2=" " tag="362"><subfield code="a">Began in 1973.</subfield></datafield><datafield ind1=" " ind2=" " tag="588"><subfield code="a">Description based on: Vol. 21, no. 12 (June 29, 1994); title from caption.</subfield></datafield><datafield ind1=" " ind2=" " tag="752"><subfield code="a">United States</subfield><subfield code="b">Massachusetts</subfield><subfield code="c">Essex</subfield><subfield code="d">Lynnfield.</subfield></datafield><datafield ind1="1" ind2=" " tag="029"><subfield code="a">AU@</subfield><subfield code="b">000025862151</subfield></datafield></record>